<record><leader>00000cas a22000007a 4500</leader><controlfield tag="001">38825814</controlfield><controlfield tag="008">980323d19351935cauwr ne      0    0eng d</controlfield><datafield ind1=" " ind2=" " tag="010"><subfield code="a">sn 98061544 </subfield></datafield><datafield ind1=" " ind2=" " tag="040"><subfield code="a">CNK</subfield><subfield code="b">eng</subfield><subfield code="c">CNK</subfield><subfield code="d">OCLCQ</subfield><subfield code="d">OCLCF</subfield><subfield code="d">OCLCO</subfield></datafield><datafield ind1="1" ind2=" " tag="029"><subfield code="a">AU@</subfield><subfield code="b">000013903954</subfield></datafield><datafield ind1=" " ind2=" " tag="042"><subfield code="a">msc</subfield></datafield><datafield ind1=" " ind2=" " tag="043"><subfield code="a">n-us-ca</subfield></datafield><datafield ind1="0" ind2="0" tag="245"><subfield code="a">Pomona free press.</subfield></datafield><datafield ind1=" " ind2=" " tag="260"><subfield code="a">Pomona, Calif. :</subfield><subfield code="b">Joseph Charles Salak</subfield></datafield><datafield ind1=" " ind2=" " tag="300"><subfield code="a">v.</subfield></datafield><datafield ind1=" " ind2=" " tag="310"><subfield code="a">Weekly</subfield></datafield><datafield ind1="0" ind2=" " tag="362"><subfield code="a">Vol. 1, no. 1 (Oct. 3, 1935)-v. 1, no. 4 (Oct. 25, 1935).</subfield></datafield><datafield ind1=" " ind2=" " tag="500"><subfield code="a">"A friendly paper covering Pomona, Claremont, Laverne, and San Dimas."</subfield></datafield><datafield ind1=" " ind2="0" tag="651"><subfield code="a">Claremont (Calif.)</subfield><subfield code="v">Newspapers.</subfield></datafield><datafield ind1=" " ind2="0" tag="651"><subfield code="a">San Dimas (Calif.)</subfield><subfield code="v">Newspapers.</subfield></datafield><datafield ind1=" " ind2="0" tag="651"><subfield code="a">Pomona (Calif.)</subfield><subfield code="v">Newspapers.</subfield></datafield><datafield ind1=" " ind2="7" tag="655"><subfield code="a">Newspapers.</subfield><subfield code="2">fast</subfield><subfield code="0">(OCoLC)fst01423814</subfield></datafield><datafield ind1=" " ind2="7" tag="651"><subfield code="a">California</subfield><subfield code="z">Claremont.</subfield><subfield code="2">fast</subfield><subfield code="0">(OCoLC)fst01206360</subfield></datafield><datafield ind1=" " ind2="7" tag="651"><subfield code="a">California</subfield><subfield code="z">Pomona.</subfield><subfield code="2">fast</subfield><subfield code="0">(OCoLC)fst01207153</subfield></datafield><datafield ind1=" " ind2="7" tag="651"><subfield code="a">California</subfield><subfield code="z">San Dimas.</subfield><subfield code="2">fast</subfield><subfield code="0">(OCoLC)fst01210524</subfield></datafield><datafield ind1=" " ind2=" " tag="752"><subfield code="a">United States</subfield><subfield code="b">California</subfield><subfield code="c">Los Angeles</subfield><subfield code="d">Pomona.</subfield></datafield><datafield ind1="0" ind2="0" tag="785"><subfield code="t">Pomona independent</subfield><subfield code="w">(DLC)sn 98061545</subfield></datafield></record>